@unpublished{ref11,
author = {Peter Lane, Marty Stepp, Vitaly Shmatikov},
title = {Type Systems},
date = {2012},
OPTurldate = {04/03/2013},
note = {Slides for PLDI B module}
}

@book{ref1,
author = {Alfred V. Aho, Ravi Sethi, Jeffrey D. Ullman},
title = {Compilers Principles, Techniques, and Tools},
year = {1986},
publisher = {Addison-Wesley Publishing Company},
}

@book{ref10,
author = {David A. Patterson, John L. Hennessy},
title = {Computer Organization and Design},
year = {2009},
publisher = {Morgan Kaufmann Publishers},
}


@book{ref9,
author = {K. Mani Chandy, Stephen Taylor},
title = {An Introduction to Parallel Programming},
year = {1992},
publisher = {Jones and Bartlett Publishers, Inc.},
}

@book{ref6,
author = {Andrew Wuensche, Mike Lesser},
title = {The Global Dynamics of Cellular Automata},
year = {1992},
publisher = {Addison-Wesley Publishing Company},
}

@misc{ref7,
author = {Martin Gardner},
title = {MATHEMATICAL GAMES 
The fantastic combinations of John Conway's new solitaire game ``life''},
year = {1970},
publisher = {Scientific American},
note = {http://ddi.cs.uni\-potsdam.de/HyFISCH/Produzieren/lis\_projekt/proj\_gamelife/ConwayScientificAmerican.htm},
}

@book{ref8,
author = {Adamatzky, Andrew},
title = {Game of Life Cellular Automata},
year = {2010},
publisher = {Springer-Verlag},
}

@book{ref13,
author = {Herlihy, Maurice; Shavit, Nir},
title = {The Art of Multiprocessor Programming},
year = {2012},
publisher = {Elsevier Science},
}

@book{ref14,
author = {Breshears, Clay},
title = {The Art of Concurrency},
year = {2009},
publisher = {O'Reilly Media},
}

@website{ref15,
title={Lock - Granularity},
note={http://en.wikipedia.org/wiki/Lock\_(computer\_science)}
}

@incollection{ref2,
author = {Michael Suess and Claudia Leopold},
editor = {IOS Press},
title = {Implementing Data-Parallel Patterns for Shared Memory with OpenMP},
booktitle = {Parallel Computing: Architectures Algorithms, and Applications},
year = {2008},
OPTeditora = {Christian Bischof},
OPTeditorb = {Martin Bucker},
OPTeditorc = {Paul Gibbon},
OPTchapter = {Parallel Programming Models},
OPTpages = {203-210},
publisher = {Jones and Bartlett Publishers, Inc.},
}

@misc{ref3,
ALTauthor = {OpenMP},
title = {OpenMP},
year = {2013},
note = {http://openmp.org/wp/},
}

@manual{ref4,
ALTauthor = {OpenMP Architecture Review Board},
title = {OpenMP C and C++ Application Program Interface},
year = {1998},
OPTsubtitle = {Version 1.0 â€“ October 1998},
OPTurl = {http://www.openmp.org/mp-documents/cspec10.pdf},
}

@manual{ref5,
ALTauthor = {OpenMP Architecture Review Board},
title = {OpenMP Application Program Interface},
year = {2012},
subtitle = {Version 4.0 - RC 1 - November 2012 Public Review Release Candidate 1},
note = {http://www.openmp.org/mp-documents/OpenMP4.0RC1\_final.pdf},
}

@online{ref12,
author = {Rob Pike},
title = {Concurrency is not Parallelism},
year = {2012},
note = {tinyurl.com/goconcnotpar},
}

